<?xml version="1.0" encoding="UTF-8"?><collection xmlns="http://www.loc.gov/MARC21/slim"><record><leader>00521nam--2200193-i-4500</leader><controlfield tag="001">000034717</controlfield><controlfield tag="002">20161230</controlfield><controlfield tag="005">20161230201040</controlfield><controlfield tag="008">060222s1000------------r-----000-0-rus-d</controlfield><datafield ind1=" " ind2=" " tag="040"><subfield code="a">IFIN-HH</subfield></datafield><datafield ind1=" " ind2=" " tag="041"><subfield code="a">rus</subfield></datafield><datafield ind1=" " ind2=" " tag="080"><subfield code="a">539.174</subfield></datafield><datafield ind1="1" ind2=" " tag="100"><subfield code="a">Lukianov, A.V</subfield></datafield><datafield ind1="1" ind2="0" tag="245"><subfield code="a">Tabliti volnovih kulonovskih funktii (funktii uittekera)</subfield><subfield code="c">A.v. lukanov, i.b. teplov, m.k. akimova</subfield></datafield><datafield ind1=" " ind2=" " tag="260"><subfield code="a">Moskva</subfield><subfield code="b">V.T. An Sssr</subfield><subfield code="c">1961</subfield></datafield><datafield ind1="1" ind2=" " tag="300"><subfield code="a">221P</subfield></datafield><datafield ind1="1" ind2=" " tag="700"><subfield code="a">Akimova, M.K</subfield></datafield><datafield ind1=" " ind2=" " tag="852"><subfield code="a">1011</subfield><subfield code="c">53.081</subfield></datafield><datafield ind1=" " ind2=" " tag="CAT"><subfield code="a">Sys</subfield><subfield code="c">20151029</subfield><subfield code="h">145826</subfield></datafield></record></collection>